@article{example,
    author =       "example",
    title =        "{Zur Elektrodynamik bewegter K{\"o}rper}. ({German})
        [{On} the electrodynamics of moving bodies]",
    journal =      "Annalen der Physik",
    volume =       "322",
    number =       "10",
    pages =        "891--921",
    year =         "1905",
    DOI =          "http://dx.doi.org/10.1002/andp.19053221004"
}
 
@book{example1,
    author    = "Michel Goossens and Frank Mittelbach and Alexander Samarin",
    title     = "The \LaTeX\ Companion",
    year      = "1993",
    publisher = "Addison-Wesley",
    address   = "Reading, Massachusetts"
}
 
@misc{example2,
    author    = "Donald Knuth",
    title     = "Knuth: Computers and Typesetting",
    year      = "2000",
    url       = "http://www-cs-faculty.stanford.edu/\~{}uno/abcde.html"
}


@book{oxford,
    author    = "Oxford Bookworms Library",
    title     = "Bookworms Series Book",
    year      = "1997",
    publisher = "Oxford University Press",
}
@book{wealth,
    author    = "Smith, Adam",
    title     = "Wealth of Nation",
    year      = "1909",
    publisher = "New York: P.F. Collier \& Son",
}
@article{fry,
    author =       "Fry, Edward B.",
    title =        "Readability, Reading Hall of Fame Book, Newark", 
    journal =      "International Reading Association",
    year =         "2006",
}
@misc{readability,
    author    = "Wikipedia",
    title     = "readability",
    year      = "2016",
    url       = "http://en.wikipedia.org/wiki/Readability"
}
@article{hyper,
    author =       "Flajolet, Philippe, et al.",
    title =        "Hyperloglog: the analysis of a near-optimal cardinality estimation algorithm", 
    journal =      "DMTCS Proceedings 1",
    year =         "2008",
}
@article{flesch,
    author =       "Flesch, R.",
    title =        "A new readability yardstick", 
    journal =      "Journal of applied psychology",
    year =         "1948",
}
@article{klare,
    author =       "Klare, G. R.",
    title =        "The measurement of readability.", 
    journal =      "Ames, Iowa: University of Iowa Press",
    year =         "1963",
}
@article{chall,
    author =       "Chall, J. S.",
    title =        "Readability: An appraisal of research and application", 
    journal =      "Columbus, OH: Bureau of Educational Research, Ohio State University",
    year =         "1958",
}
